<record><leader>00000cas a2200000 a 4500</leader><controlfield tag="001">11239534</controlfield><controlfield tag="008">841008d18921893ksuwr ne      0   a0eng d</controlfield><datafield ind1=" " ind2=" " tag="010"><subfield code="a">sn 84029828 </subfield></datafield><datafield ind1=" " ind2=" " tag="040"><subfield code="a">KSH</subfield><subfield code="b">eng</subfield><subfield code="c">KSH</subfield><subfield code="d">NPT</subfield><subfield code="d">OCL</subfield><subfield code="d">OCLCQ</subfield></datafield><datafield ind1=" " ind2=" " tag="042"><subfield code="a">msc</subfield></datafield><datafield ind1="0" ind2="0" tag="245"><subfield code="a">Bucklin times-ensign.</subfield></datafield><datafield ind1=" " ind2=" " tag="260"><subfield code="a">Bucklin, Kan. :</subfield><subfield code="b">Grant Pettyjohn,</subfield><subfield code="c">1892-1893.</subfield></datafield><datafield ind1=" " ind2=" " tag="300"><subfield code="a">1 v. :</subfield><subfield code="b">ill.</subfield></datafield><datafield ind1=" " ind2=" " tag="310"><subfield code="a">Weekly</subfield></datafield><datafield ind1="0" ind2=" " tag="362"><subfield code="a">Vol. 18, no. 21 (Sept. 15, 1892)-v. 18, no. 38 (Jan. 12, 1893) = vol. 4, no. 18-v. 4, no. 35.</subfield></datafield><datafield ind1=" " ind2=" " tag="525"><subfield code="a">Has occasional supplements.</subfield></datafield><datafield ind1=" " ind2=" " tag="752"><subfield code="a">United States</subfield><subfield code="b">Kansas</subfield><subfield code="c">Ford</subfield><subfield code="d">Bucklin.</subfield></datafield><datafield ind1="0" ind2="1" tag="780"><subfield code="t">Dodge City times-ensign</subfield><subfield code="w">(DLC)sn 84029850</subfield></datafield><datafield ind1="0" ind2="0" tag="785"><subfield code="t">Dodge City echo</subfield><subfield code="w">(DLC)sn 84029841</subfield></datafield></record>